<record><leader>00000cas a22000007a 4500</leader><controlfield tag="001">14255443</controlfield><controlfield tag="008">860923d19181968txuwr ne      0    0eng d</controlfield><datafield ind1=" " ind2=" " tag="010"><subfield code="a">sn 86088958 </subfield></datafield><datafield ind1=" " ind2=" " tag="040"><subfield code="a">PPM</subfield><subfield code="b">eng</subfield><subfield code="c">PPM</subfield><subfield code="d">OCLCQ</subfield></datafield><datafield ind1=" " ind2=" " tag="042"><subfield code="a">msc</subfield></datafield><datafield ind1="0" ind2="0" tag="245"><subfield code="a">Ochiltree County herald.</subfield></datafield><datafield ind1="3" ind2="0" tag="246"><subfield code="a">Sunday herald</subfield></datafield><datafield ind1=" " ind2=" " tag="260"><subfield code="a">Perryton, Tex. :</subfield><subfield code="b">Brazell Bros.</subfield></datafield><datafield ind1=" " ind2=" " tag="300"><subfield code="a">v. :</subfield><subfield code="b">ill. ;</subfield><subfield code="c">58 cm.</subfield></datafield><datafield ind1=" " ind2=" " tag="310"><subfield code="a">Weekly</subfield></datafield><datafield ind1="1" ind2=" " tag="362"><subfield code="a">Began in 1918.</subfield></datafield><datafield ind1="0" ind2=" " tag="362"><subfield code="a">-v. 51, no. 52 (Dec. 26, 1968).</subfield></datafield><datafield ind1=" " ind2=" " tag="588"><subfield code="a">Description based on: Vol. 1, no. 23 (July 12, 1918).</subfield></datafield><datafield ind1=" " ind2=" " tag="752"><subfield code="a">United States</subfield><subfield code="b">Texas</subfield><subfield code="c">Ochiltree</subfield><subfield code="d">Perryton.</subfield></datafield><datafield ind1="0" ind2="0" tag="785"><subfield code="t">Perryton herald</subfield></datafield><datafield ind1="1" ind2=" " tag="029"><subfield code="a">AU@</subfield><subfield code="b">000025838336</subfield></datafield></record>